<?xml version="1.0" encoding="UTF-8"?><collection xmlns="http://www.loc.gov/MARC21/slim"><record><leader>00318nam--2200133-i-4500</leader><controlfield tag="001">000024916</controlfield><controlfield tag="002">20161230</controlfield><controlfield tag="005">20161230201035</controlfield><controlfield tag="008">060222s1000------------r-----000-0-eng-d</controlfield><datafield ind1=" " ind2=" " tag="245"><subfield code="a">Direct generation of electricity</subfield></datafield><datafield ind1=" " ind2=" " tag="260"><subfield code="a">London, Academic Press, 1965</subfield></datafield><datafield ind1=" " ind2=" " tag="490"><subfield code="a">X+410p</subfield></datafield><datafield ind1=" " ind2=" " tag="700"><subfield code="a">Spring, K.H</subfield></datafield><datafield ind1=" " ind2=" " tag="852"><subfield code="a">621.362</subfield></datafield></record></collection>